@TechReport{Bier20,
  author = {Michel Bierlaire},
  title = {A short introduction to PandasBiogeme},
  institution = {Transport and Mobility Laboratory, Ecole Polytechnique F\'ed\'erale de Lausanne},
  year = {2020},
  type = {Technical Report},
  number = {TRANSP-OR 200605},
  address = {Lausanne, Switzerland}}}

@book{BenALerm85,
	address = {Cambridge, Ma.},
	author = {M. E. Ben-Akiva and S. R. Lerman},
	publisher = {MIT Press},
	title = {Discrete Choice Analysis: Theory and Application to Travel Demand},
	year = 1985}

@article{BernHallHallHaus74,
	author = {Berndt, E. K. and B. H. Hall and R. E. Hall and J. A. Hausman},
	journal = {Annals of Economic and Social Measurement},
	pages = {653--665},
	title = {Estimation and Inference in Nonlinear Structural Models},
	volume = {3/4},
	year = 1974}

@article{KaueCarr2001,
	author = {Kauermann, G. and Carroll, R.J.},
	date-added = {2009-01-09 12:08:08 -0500},
	date-modified = {2009-01-09 12:09:01 -0500},
	journal = {Journal of the American Statistical Association},
	month = {December},
	number = {456},
	title = {A Note on the Efficiency of Sandwich Covariance Matrix Estimation},
	volume = {96},
	year = {2001}}

@article{Whit82,
	author = {H. White},
	journal = {Econometrica},
	pages = {1-25},
	title = {Maximum likelihood estimation of misspecified models},
	volume = 50,
	year = 1982}

